@article{kaye,
    author  = "Richard Kaye",
    journal = "The Mathematical Intelligencer",
    year    = "2000",
    title   = "Minesweeper is {NP}-complete",
    volume  = "22",
    doi     = "10.1007/BF03025367",
    pages   = "9--15"
}

@online{mateo,
    author  = "Mateo Guaman Castro",
    title   = "Q-Learning: A basic off-policy reinforcement learning algorithm",
    year    = "2020",
    url     = "http://www.eecs.tufts.edu/~mguama01/post/q-learning/",
    urldate = "2021-01-19"
}

@article{mehta,
    author  = "Anav Mehta",
    title   = "{Reinforcement Learning For Constraint Satisfaction Game Agents}",
    year    = "2020",
    url     = "https://arxiv.org/ftp/arxiv/papers/2102/2102.06019.pdf",
    urldate = "2021-04-01"
}

@article{gardea,
    author  = "Luis Gardea and Griffin Koontz and Ryan Silva",
    title   = "Training a {Minesweeper Solver}",
    year    = "2015",
    url     = "http://cs229.stanford.edu/proj2015/372_report.pdf",
    urldate = "2021-01-19"
}

@online{lee,
    author  = "Stephen Lee",
    title   = "I trained an {A.I.} to beat {Minesweeper}.. without teaching it any rules!",
    year    = "2020",
    url     = "https://sdlee94.github.io/Minesweeper-AI-Reinforcement-Learning/",
    urldate = "2021-01-19"
}

@online{projectpy,
    author  = "Balkcom, Devin",
    title   = "Project Python: an interactive introduction to {Computer Science}",
    year    = "2011",
    url     = "http://projectpython.net/chapter02/",
    urldate = "2021-03-23"
}

@inbook{mitchell,
    author  = "Tom M. Mitchell",
    title   = "{Machine Learning}",
    year    = "1997",
    pages   = "386",
    publisher   = "McGraw-Hill",
    chapter = "13",
    isbn    = "978-0-07-042807-2"
}

@online{tds,
    author  = "Juha Kiili",
    title   = "{Reinforcement Learning Tutorial Part 3: Basic Deep Q-Learning}",
    year    = "2019",
    url     = "https://towardsdatascience.com/reinforcement-learning-tutorial-part-3-basic-deep-q-learning-186164c3bf4",
    urldate = "2021-03-12"
}